@book{taylor,
    author =    {Taylor, Joseph L.},
    title =     {Complex Variables},
    publisher = {AMS},
    year =      {2011},
    isbn =      {978-0-8218-6901-7},
    keywords =  {complex,variables,analysis},
}

@online{evanchen,
    title =     {\LaTeX\ FAQs},
    author =    {Evan Chen},
    url =       {https://web.evanchen.cc/faq-latex.html}
}

@online{gleave,
    title =     {Writing Beautifully in \LaTeX},
    author =    {Adam Gleave},
    url =       {https://www.gleave.me/post/latex-design-patterns/}
}